%% This BibTeX bibliography file was created using BibDesk.
%% http://bibdesk.sourceforge.net/

%% Created for Alex at 2018-03-20 08:38:57 -0700 


%% Saved with string encoding Unicode (UTF-8) 


@comment{%% This BibTeX bibliography file was created using BibDesk. %% http://bibdesk.sourceforge.net/  %% Created for Alex at 2018-03-13 13:20:18 -0700    %% Saved with string encoding Unicode (UTF-8) }



@article{meara_2015,
	Author = {Meara, John G and Leather, Andrew J M and Hagander, Lars and Alkire, Blake C and Alonso, Nivaldo and Ameh, Emmanuel A and Bickler, Stephen W and Conteh, Lesong and Dare, Anna J and Davies, Justine and et al.},
	Date-Added = {2018-03-20 15:38:49 +0000},
	Date-Modified = {2018-03-20 15:38:49 +0000},
	Doi = {10.1016/s0140-6736(15)60160-x},
	Issn = {0140-6736},
	Journal = {The Lancet},
	Month = {Aug},
	Number = {9993},
	Pages = {569--624},
	Publisher = {Elsevier BV},
	Title = {Global Surgery 2030: evidence and solutions for achieving health, welfare, and economic development},
	Url = {http://dx.doi.org/10.1016/s0140-6736(15)60160-x},
	Volume = {386},
	Year = {2015},
	Bdsk-File-1 = {YnBsaXN0MDDUAQIDBAUGJCVYJHZlcnNpb25YJG9iamVjdHNZJGFyY2hpdmVyVCR0b3ASAAGGoKgHCBMUFRYaIVUkbnVsbNMJCgsMDxJXTlMua2V5c1pOUy5vYmplY3RzViRjbGFzc6INDoACgAOiEBGABIAFgAdccmVsYXRpdmVQYXRoWWFsaWFzRGF0YV8Qny4uLy4uLy4uL0dvb2dsZSBEcml2ZS9CcmVpZmNhc2UvQmliZGVzay1wZGZzL21lYXJhXzIwMTVfX0dsb2JhbCBTdXJnZXJ5IDIwMzAgZXZpZGVuY2UgYW5kIHNvbHV0aW9ucyBmb3IgYWNoaWV2aW5nIGhlYWx0aCwgd2VsZmFyZSwgYW5kIGVjb25vbWljIGRldmVsb3BtZW50LnBkZtIXCxgZV05TLmRhdGFPEQMGAAAAAAMGAAIAAAxNYWNpbnRvc2ggSEQAAAAAAAAAAAAAAAAAAADSJOaVSCsAABOfAF4fbWVhcmFfMjAxNV9fR2xvYmFsIzEzREVCNjEwLnBkZgAAAAAAAAAAAAAAAAAAAAAAAAAAAAAAAAAAAAAAAAAAE962ENbWeMwAAAAAAAAAAAADAAQAAAkgAAAAAAAAAAAAAAAAAAAADEJpYmRlc2stcGRmcwAQAAgAANIlSQUAAAARAAgAANbW2zwAAAABABQTnwBeABjmHQAY4qcACufsAAYpVQACAGdNYWNpbnRvc2ggSEQ6VXNlcnM6AGFsZXhnb29kZWxsOgBHb29nbGUgRHJpdmU6AEJyZWlmY2FzZToAQmliZGVzay1wZGZzOgBtZWFyYV8yMDE1X19HbG9iYWwjMTNERUI2MTAucGRmAAAOAOYAcgBtAGUAYQByAGEAXwAyADAAMQA1AF8AXwBHAGwAbwBiAGEAbAAgAFMAdQByAGcAZQByAHkAIAAyADAAMwAwACAAZQB2AGkAZABlAG4AYwBlACAAYQBuAGQAIABzAG8AbAB1AHQAaQBvAG4AcwAgAGYAbwByACAAYQBjAGgAaQBlAHYAaQBuAGcAIABoAGUAYQBsAHQAaAAsACAAdwBlAGwAZgBhAHIAZQAsACAAYQBuAGQAIABlAGMAbwBuAG8AbQBpAGMAIABkAGUAdgBlAGwAbwBwAG0AZQBuAHQALgBwAGQAZgAPABoADABNAGEAYwBpAG4AdABvAHMAaAAgAEgARAASAKhVc2Vycy9hbGV4Z29vZGVsbC9Hb29nbGUgRHJpdmUvQnJlaWZjYXNlL0JpYmRlc2stcGRmcy9tZWFyYV8yMDE1X19HbG9iYWwgU3VyZ2VyeSAyMDMwIGV2aWRlbmNlIGFuZCBzb2x1dGlvbnMgZm9yIGFjaGlldmluZyBoZWFsdGgsIHdlbGZhcmUsIGFuZCBlY29ub21pYyBkZXZlbG9wbWVudC5wZGYAEwABLwAAFQACABL//wAAgAbSGxwdHlokY2xhc3NuYW1lWCRjbGFzc2VzXU5TTXV0YWJsZURhdGGjHR8gVk5TRGF0YVhOU09iamVjdNIbHCIjXE5TRGljdGlvbmFyeaIiIF8QD05TS2V5ZWRBcmNoaXZlctEmJ1Ryb290gAEACAARABoAIwAtADIANwBAAEYATQBVAGAAZwBqAGwAbgBxAHMAdQB3AIQAjgEwATUBPQRHBEkETgRZBGIEcAR0BHsEhASJBJYEmQSrBK4EswAAAAAAAAIBAAAAAAAAACgAAAAAAAAAAAAAAAAAAAS1}}

@misc{otims_2018,
	Annote = {Hard to reach: http://www.budget.go.ug/fiscal_transfers/variable/show_dataset/var/OTA3
Archive: https://web.archive.org/web/20180316073554/http://www.budget.go.ug/fiscal_transfers/variable/show_dataset/var/OTA3

Population: http://www.budget.go.ug/fiscal_transfers/variable/show_dataset/var/MjA3
https://web.archive.org/web/20180316074144/http://www.budget.go.ug/fiscal_transfers/variable/show_dataset/var/MjA3

Population per health facility http://www.budget.go.ug/fiscal_transfers/variable/show_dataset/var/Mjc3
https://web.archive.org/web/20180316074223/http://www.budget.go.ug/fiscal_transfers/variable/show_dataset/var/Mjc3

Rural population: http://www.budget.go.ug/fiscal_transfers/variable/show_dataset/var/NjA3
https://web.archive.org/web/20180316074238/http://www.budget.go.ug/fiscal_transfers/variable/show_dataset/var/NjA3

Population in Hard to Reach Hard to Stay Areas http://www.budget.go.ug/fiscal_transfers/variable/show_dataset/var/Njc3
https://web.archive.org/web/20180316074334/http://www.budget.go.ug/fiscal_transfers/variable/show_dataset/var/Njc3

Constant (Public or PNFP Hospitals) http://www.budget.go.ug/fiscal_transfers/variable/show_dataset/var/MDQ4
https://web.archive.org/web/20180316074414/http://www.budget.go.ug/fiscal_transfers/variable/show_dataset/var/MDQ4

District (yes no) http://www.budget.go.ug/fiscal_transfers/variable/show_dataset/var/MzU2
https://web.archive.org/web/20180316074441/http://www.budget.go.ug/fiscal_transfers/variable/show_dataset/var/MzU2

Poverty headcount: http://www.budget.go.ug/fiscal_transfers/variable/show_dataset/var/NDMy
https://web.archive.org/web/20180316083350/http://www.budget.go.ug/fiscal_transfers/variable/show_dataset/var/NDMy

Municiplality (yes no) http://www.budget.go.ug/fiscal_transfers/variable/show_dataset/var/NDc2
https://web.archive.org/web/20180316083423/http://www.budget.go.ug/fiscal_transfers/variable/show_dataset/var/NDc2

Distance from Kampla (cities) http://www.budget.go.ug/fiscal_transfers/variable/show_dataset/var/Njc2
https://web.archive.org/web/20180316083519/http://www.budget.go.ug/fiscal_transfers/variable/show_dataset/var/Njc2

Distance from Kampala (districts) http://www.budget.go.ug/fiscal_transfers/variable/show_dataset/var/OTU2
https://web.archive.org/web/20180316083556/http://www.budget.go.ug/fiscal_transfers/variable/show_dataset/var/OTU2


},
	Archive-Url = {https://web.archive.org/web/20180316073213/http://www.budget.go.ug/fiscal_transfers/},
	Author = {{Ministry of Finance, Planning and Economic Development}},
	Date-Added = {2018-03-16 07:29:00 +0000},
	Date-Modified = {2018-03-16 07:35:40 +0000},
	Month = {Mar},
	Note = {[Online; accessed 16. Mar. 2018]},
	Title = {Online Transfer Information Mangement System: Fiscal Transfers},
	Url = {http://www.budget.go.ug/fiscal_transfers},
	Year = {2018}}

@article{diaz_2010,
	Annote = {Treatment completion = 1-(20/51) = .607843137},
	Author = {Diaz, Asuncion and Diez, Mercedes and Bleda, Maria Jose and Aldamiz, Mikel and Camafort, Miguel and Camino, Xabier and Cepeda, Concepcion and Costa, Asuncion and Ferrero, Oscar and Geijo, Paloma and et al.},
	Date-Added = {2018-03-15 18:25:07 +0000},
	Date-Modified = {2018-03-15 22:03:16 +0000},
	Doi = {10.1186/1471-2334-10-267},
	Issn = {1471-2334},
	Journal = {BMC Infectious Diseases},
	Keywords = {from_priya},
	Month = {Sep},
	Number = {1},
	Publisher = {Springer Nature},
	Title = {Eligibility for and outcome of treatment of latent tuberculosis infection in a cohort of HIV-infected people in Spain},
	Url = {http://dx.doi.org/10.1186/1471-2334-10-267},
	Volume = {10},
	Year = {2010},
	Bdsk-File-1 = {YnBsaXN0MDDUAQIDBAUGJCVYJHZlcnNpb25YJG9iamVjdHNZJGFyY2hpdmVyVCR0b3ASAAGGoKgHCBMUFRYaIVUkbnVsbNMJCgsMDxJXTlMua2V5c1pOUy5vYmplY3RzViRjbGFzc6INDoACgAOiEBGABIAFgAdccmVsYXRpdmVQYXRoWWFsaWFzRGF0YV8Qsi4uLy4uLy4uL0dvb2dsZSBEcml2ZS9CcmVpZmNhc2UvQmliZGVzay1wZGZzL0RpYXoyMDEwYWFfX0VsaWdpYmlsaXR5IGZvciBhbmQgb3V0Y29tZSBvZiB0cmVhdG1lbnQgb2YgbGF0ZW50IHR1YmVyY3Vsb3NpcyBpbmZlY3Rpb24gaW4gYSBjb2hvcnQgb2YgSElWLWluZmVjdGVkIHBlb3BsZSBpbiBTcGFpbi5wZGbSFwsYGVdOUy5kYXRhTxEDQAAAAAADQAACAAAMTWFjaW50b3NoIEhEAAAAAAAAAAAAAAAAAAAA0iTmlUgrAAATnwBeH0RpYXoyMDEwYWFfX0VsaWdpYiMxM0I2QTJDNy5wZGYAAAAAAAAAAAAAAAAAAAAAAAAAAAAAAAAAAAAAAAAAABO2osfW0AhvAAAAAAAAAAAAAwAEAAAJIAAAAAAAAAAAAAAAAAAAAAxCaWJkZXNrLXBkZnMAEAAIAADSJUkFAAAAEQAIAADW0GrfAAAAAQAUE58AXgAY5h0AGOKnAArn7AAGKVUAAgBnTWFjaW50b3NoIEhEOlVzZXJzOgBhbGV4Z29vZGVsbDoAR29vZ2xlIERyaXZlOgBCcmVpZmNhc2U6AEJpYmRlc2stcGRmczoARGlhejIwMTBhYV9fRWxpZ2liIzEzQjZBMkM3LnBkZgAADgEMAIUARABpAGEAegAyADAAMQAwAGEAYQBfAF8ARQBsAGkAZwBpAGIAaQBsAGkAdAB5ACAAZgBvAHIAIABhAG4AZAAgAG8AdQB0AGMAbwBtAGUAIABvAGYAIAB0AHIAZQBhAHQAbQBlAG4AdAAgAG8AZgAgAGwAYQB0AGUAbgB0ACAAdAB1AGIAZQByAGMAdQBsAG8AcwBpAHMAIABpAG4AZgBlAGMAdABpAG8AbgAgAGkAbgAgAGEAIABjAG8AaABvAHIAdAAgAG8AZgAgAEgASQBWAC0AaQBuAGYAZQBjAHQAZQBkACAAcABlAG8AcABsAGUAIABpAG4AIABTAHAAYQBpAG4ALgBwAGQAZgAPABoADABNAGEAYwBpAG4AdABvAHMAaAAgAEgARAASALtVc2Vycy9hbGV4Z29vZGVsbC9Hb29nbGUgRHJpdmUvQnJlaWZjYXNlL0JpYmRlc2stcGRmcy9EaWF6MjAxMGFhX19FbGlnaWJpbGl0eSBmb3IgYW5kIG91dGNvbWUgb2YgdHJlYXRtZW50IG9mIGxhdGVudCB0dWJlcmN1bG9zaXMgaW5mZWN0aW9uIGluIGEgY29ob3J0IG9mIEhJVi1pbmZlY3RlZCBwZW9wbGUgaW4gU3BhaW4ucGRmAAATAAEvAAAVAAIAEv//AACABtIbHB0eWiRjbGFzc25hbWVYJGNsYXNzZXNdTlNNdXRhYmxlRGF0YaMdHyBWTlNEYXRhWE5TT2JqZWN00hscIiNcTlNEaWN0aW9uYXJ5oiIgXxAPTlNLZXllZEFyY2hpdmVy0SYnVHJvb3SAAQAIABEAGgAjAC0AMgA3AEAARgBNAFUAYABnAGoAbABuAHEAcwB1AHcAhACOAUMBSAFQBJQElgSbBKYErwS9BMEEyATRBNYE4wTmBPgE+wUAAAAAAAAAAgEAAAAAAAAAKAAAAAAAAAAAAAAAAAAABQI=}}

@article{rennie_2007,
	Annote = {6H completion: (127+22)/277 ~ 54%},
	Author = {Rennie, T. W. and Bothamley, G. H. and Engova, D. and Bates, I. P.},
	Date-Added = {2018-03-15 18:17:38 +0000},
	Date-Modified = {2018-03-15 22:02:59 +0000},
	Doi = {10.1183/09031936.00034007},
	Issn = {1399-3003},
	Journal = {European Respiratory Journal},
	Keywords = {from_priya},
	Month = {Oct},
	Number = {4},
	Pages = {728--735},
	Publisher = {European Respiratory Society (ERS)},
	Title = {Patient choice promotes adherence in preventive treatment for latent tuberculosis},
	Url = {http://dx.doi.org/10.1183/09031936.00034007},
	Volume = {30},
	Year = {2007},
	Bdsk-File-1 = {YnBsaXN0MDDUAQIDBAUGJCVYJHZlcnNpb25YJG9iamVjdHNZJGFyY2hpdmVyVCR0b3ASAAGGoKgHCBMUFRYaIVUkbnVsbNMJCgsMDxJXTlMua2V5c1pOUy5vYmplY3RzViRjbGFzc6INDoACgAOiEBGABIAFgAdccmVsYXRpdmVQYXRoWWFsaWFzRGF0YV8QkC4uLy4uLy4uL0dvb2dsZSBEcml2ZS9CcmVpZmNhc2UvQmliZGVzay1wZGZzL1Jlbm5pZTIwMDdhYV9fUGF0aWVudCBjaG9pY2UgcHJvbW90ZXMgYWRoZXJlbmNlIGluIHByZXZlbnRpdmUgdHJlYXRtZW50IGZvciBsYXRlbnQgdHViZXJjdWxvc2lzLnBkZtIXCxgZV05TLmRhdGFPEQLaAAAAAALaAAIAAAxNYWNpbnRvc2ggSEQAAAAAAAAAAAAAAAAAAADSJOaVSCsAABOfAF4fUmVubmllMjAwN2FhX19QYXRpIzEzQjY5NEMxLnBkZgAAAAAAAAAAAAAAAAAAAAAAAAAAAAAAAAAAAAAAAAAAE7aUwdbQBnMAAAAAAAAAAAADAAQAAAkgAAAAAAAAAAAAAAAAAAAADEJpYmRlc2stcGRmcwAQAAgAANIlSQUAAAARAAgAANbQaOMAAAABABQTnwBeABjmHQAY4qcACufsAAYpVQACAGdNYWNpbnRvc2ggSEQ6VXNlcnM6AGFsZXhnb29kZWxsOgBHb29nbGUgRHJpdmU6AEJyZWlmY2FzZToAQmliZGVzay1wZGZzOgBSZW5uaWUyMDA3YWFfX1BhdGkjMTNCNjk0QzEucGRmAAAOAMgAYwBSAGUAbgBuAGkAZQAyADAAMAA3AGEAYQBfAF8AUABhAHQAaQBlAG4AdAAgAGMAaABvAGkAYwBlACAAcAByAG8AbQBvAHQAZQBzACAAYQBkAGgAZQByAGUAbgBjAGUAIABpAG4AIABwAHIAZQB2AGUAbgB0AGkAdgBlACAAdAByAGUAYQB0AG0AZQBuAHQAIABmAG8AcgAgAGwAYQB0AGUAbgB0ACAAdAB1AGIAZQByAGMAdQBsAG8AcwBpAHMALgBwAGQAZgAPABoADABNAGEAYwBpAG4AdABvAHMAaAAgAEgARAASAJlVc2Vycy9hbGV4Z29vZGVsbC9Hb29nbGUgRHJpdmUvQnJlaWZjYXNlL0JpYmRlc2stcGRmcy9SZW5uaWUyMDA3YWFfX1BhdGllbnQgY2hvaWNlIHByb21vdGVzIGFkaGVyZW5jZSBpbiBwcmV2ZW50aXZlIHRyZWF0bWVudCBmb3IgbGF0ZW50IHR1YmVyY3Vsb3Npcy5wZGYAABMAAS8AABUAAgAS//8AAIAG0hscHR5aJGNsYXNzbmFtZVgkY2xhc3Nlc11OU011dGFibGVEYXRhox0fIFZOU0RhdGFYTlNPYmplY3TSGxwiI1xOU0RpY3Rpb25hcnmiIiBfEA9OU0tleWVkQXJjaGl2ZXLRJidUcm9vdIABAAgAEQAaACMALQAyADcAQABGAE0AVQBgAGcAagBsAG4AcQBzAHUAdwCEAI4BIQEmAS4EDAQOBBMEHgQnBDUEOQRABEkETgRbBF4EcARzBHgAAAAAAAACAQAAAAAAAAAoAAAAAAAAAAAAAAAAAAAEeg==}}

@article{horsburgh_2010,
	Author = {Horsburgh, C. Robert and Goldberg, Stefan and Bethel, James and Chen, Shande and Colson, Paul W. and Hirsch-Moverman, Yael and Hughes, Stephen and Shrestha-Kuwahara, Robin and Sterling, Timothy R. and Wall, Kirsten and et al.},
	Date-Added = {2018-03-15 08:51:44 +0000},
	Date-Modified = {2018-03-15 22:03:32 +0000},
	Doi = {10.1378/chest.09-0394},
	Issn = {0012-3692},
	Journal = {Chest},
	Month = {Feb},
	Number = {2},
	Pages = {401--409},
	Publisher = {Elsevier BV},
	Title = {Latent TB Infection Treatment Acceptance and Completion in the United States and Canada},
	Url = {http://dx.doi.org/10.1378/chest.09-0394},
	Volume = {137},
	Year = {2010},
	Bdsk-File-1 = {YnBsaXN0MDDUAQIDBAUGJCVYJHZlcnNpb25YJG9iamVjdHNZJGFyY2hpdmVyVCR0b3ASAAGGoKgHCBMUFRYaIVUkbnVsbNMJCgsMDxJXTlMua2V5c1pOUy5vYmplY3RzViRjbGFzc6INDoACgAOiEBGABIAFgAdccmVsYXRpdmVQYXRoWWFsaWFzRGF0YV8QmS4uLy4uLy4uL0dvb2dsZSBEcml2ZS9CcmVpZmNhc2UvQmliZGVzay1wZGZzL0hvcnNidXJnaDIwMTBhYV9fTGF0ZW50IFRCIEluZmVjdGlvbiBUcmVhdG1lbnQgQWNjZXB0YW5jZSBhbmQgQ29tcGxldGlvbiBpbiB0aGUgVW5pdGVkIFN0YXRlcyBhbmQgQ2FuYWRhLnBkZtIXCxgZV05TLmRhdGFPEQL0AAAAAAL0AAIAAAxNYWNpbnRvc2ggSEQAAAAAAAAAAAAAAAAAAADSJOaVSCsAABOfAF4fSG9yc2J1cmdoMjAxMGFhX19MIzEzQjg1M0U3LnBkZgAAAAAAAAAAAAAAAAAAAAAAAAAAAAAAAAAAAAAAAAAAE7hT59bPgaZQREYgAAAAAAADAAQAAAkgAAAAAAAAAAAAAAAAAAAADEJpYmRlc2stcGRmcwAQAAgAANIlSQUAAAARAAgAANbP5BYAAAABABQTnwBeABjmHQAY4qcACufsAAYpVQACAGdNYWNpbnRvc2ggSEQ6VXNlcnM6AGFsZXhnb29kZWxsOgBHb29nbGUgRHJpdmU6AEJyZWlmY2FzZToAQmliZGVzay1wZGZzOgBIb3JzYnVyZ2gyMDEwYWFfX0wjMTNCODUzRTcucGRmAAAOANoAbABIAG8AcgBzAGIAdQByAGcAaAAyADAAMQAwAGEAYQBfAF8ATABhAHQAZQBuAHQAIABUAEIAIABJAG4AZgBlAGMAdABpAG8AbgAgAFQAcgBlAGEAdABtAGUAbgB0ACAAQQBjAGMAZQBwAHQAYQBuAGMAZQAgAGEAbgBkACAAQwBvAG0AcABsAGUAdABpAG8AbgAgAGkAbgAgAHQAaABlACAAVQBuAGkAdABlAGQAIABTAHQAYQB0AGUAcwAgAGEAbgBkACAAQwBhAG4AYQBkAGEALgBwAGQAZgAPABoADABNAGEAYwBpAG4AdABvAHMAaAAgAEgARAASAKJVc2Vycy9hbGV4Z29vZGVsbC9Hb29nbGUgRHJpdmUvQnJlaWZjYXNlL0JpYmRlc2stcGRmcy9Ib3JzYnVyZ2gyMDEwYWFfX0xhdGVudCBUQiBJbmZlY3Rpb24gVHJlYXRtZW50IEFjY2VwdGFuY2UgYW5kIENvbXBsZXRpb24gaW4gdGhlIFVuaXRlZCBTdGF0ZXMgYW5kIENhbmFkYS5wZGYAEwABLwAAFQACABL//wAAgAbSGxwdHlokY2xhc3NuYW1lWCRjbGFzc2VzXU5TTXV0YWJsZURhdGGjHR8gVk5TRGF0YVhOU09iamVjdNIbHCIjXE5TRGljdGlvbmFyeaIiIF8QD05TS2V5ZWRBcmNoaXZlctEmJ1Ryb290gAEACAARABoAIwAtADIANwBAAEYATQBVAGAAZwBqAGwAbgBxAHMAdQB3AIQAjgEqAS8BNwQvBDEENgRBBEoEWARcBGMEbARxBH4EgQSTBJYEmwAAAAAAAAIBAAAAAAAAACgAAAAAAAAAAAAAAAAAAASd}}

@article{menzies_2008,
	Author = {Menzies, Dick and Long, Richard and Trajman, Anete and Dion, Marie-Jose and Yang, Jae and Al Jahdali, Hamdan and Memish, Ziad and Khan, Kamran and Gardam, Michael and Hoeppner, Vernon and et al.},
	Date-Added = {2018-03-15 08:48:05 +0000},
	Date-Modified = {2018-03-15 22:03:32 +0000},
	Doi = {10.7326/0003-4819-149-10-200811180-00003},
	Issn = {0003-4819},
	Journal = {Annals of Internal Medicine},
	Month = {Nov},
	Number = {10},
	Pages = {689},
	Publisher = {American College of Physicians},
	Title = {Adverse Events with 4 Months of Rifampin Therapy or 9 Months of Isoniazid Therapy for Latent Tuberculosis Infection},
	Url = {http://dx.doi.org/10.7326/0003-4819-149-10-200811180-00003},
	Volume = {149},
	Year = {2008},
	Bdsk-File-1 = {YnBsaXN0MDDUAQIDBAUGJCVYJHZlcnNpb25YJG9iamVjdHNZJGFyY2hpdmVyVCR0b3ASAAGGoKgHCBMUFRYaIVUkbnVsbNMJCgsMDxJXTlMua2V5c1pOUy5vYmplY3RzViRjbGFzc6INDoACgAOiEBGABIAFgAdccmVsYXRpdmVQYXRoWWFsaWFzRGF0YV8Qsy4uLy4uLy4uL0dvb2dsZSBEcml2ZS9CcmVpZmNhc2UvQmliZGVzay1wZGZzL01lbnppZXMyMDA4YWFfX0FkdmVyc2UgRXZlbnRzIHdpdGggNCBNb250aHMgb2YgUmlmYW1waW4gVGhlcmFweSBvciA5IE1vbnRocyBvZiBJc29uaWF6aWQgVGhlcmFweSBmb3IgTGF0ZW50IFR1YmVyY3Vsb3NpcyBJbmZlY3Rpb24ucGRm0hcLGBlXTlMuZGF0YU8RA0IAAAAAA0IAAgAADE1hY2ludG9zaCBIRAAAAAAAAAAAAAAAAAAAANIk5pVIKwAAE58AXh9NZW56aWVzMjAwOGFhX19BZHYjMTNCN0U3QUIucGRmAAAAAAAAAAAAAAAAAAAAAAAAAAAAAAAAAAAAAAAAAAATt+er1s+Au1BERiAAAAAAAAMABAAACSAAAAAAAAAAAAAAAAAAAAAMQmliZGVzay1wZGZzABAACAAA0iVJBQAAABEACAAA1s/jKwAAAAEAFBOfAF4AGOYdABjipwAK5+wABilVAAIAZ01hY2ludG9zaCBIRDpVc2VyczoAYWxleGdvb2RlbGw6AEdvb2dsZSBEcml2ZToAQnJlaWZjYXNlOgBCaWJkZXNrLXBkZnM6AE1lbnppZXMyMDA4YWFfX0FkdiMxM0I3RTdBQi5wZGYAAA4BDgCGAE0AZQBuAHoAaQBlAHMAMgAwADAAOABhAGEAXwBfAEEAZAB2AGUAcgBzAGUAIABFAHYAZQBuAHQAcwAgAHcAaQB0AGgAIAA0ACAATQBvAG4AdABoAHMAIABvAGYAIABSAGkAZgBhAG0AcABpAG4AIABUAGgAZQByAGEAcAB5ACAAbwByACAAOQAgAE0AbwBuAHQAaABzACAAbwBmACAASQBzAG8AbgBpAGEAegBpAGQAIABUAGgAZQByAGEAcAB5ACAAZgBvAHIAIABMAGEAdABlAG4AdAAgAFQAdQBiAGUAcgBjAHUAbABvAHMAaQBzACAASQBuAGYAZQBjAHQAaQBvAG4ALgBwAGQAZgAPABoADABNAGEAYwBpAG4AdABvAHMAaAAgAEgARAASALxVc2Vycy9hbGV4Z29vZGVsbC9Hb29nbGUgRHJpdmUvQnJlaWZjYXNlL0JpYmRlc2stcGRmcy9NZW56aWVzMjAwOGFhX19BZHZlcnNlIEV2ZW50cyB3aXRoIDQgTW9udGhzIG9mIFJpZmFtcGluIFRoZXJhcHkgb3IgOSBNb250aHMgb2YgSXNvbmlhemlkIFRoZXJhcHkgZm9yIExhdGVudCBUdWJlcmN1bG9zaXMgSW5mZWN0aW9uLnBkZgATAAEvAAAVAAIAEv//AACABtIbHB0eWiRjbGFzc25hbWVYJGNsYXNzZXNdTlNNdXRhYmxlRGF0YaMdHyBWTlNEYXRhWE5TT2JqZWN00hscIiNcTlNEaWN0aW9uYXJ5oiIgXxAPTlNLZXllZEFyY2hpdmVy0SYnVHJvb3SAAQAIABEAGgAjAC0AMgA3AEAARgBNAFUAYABnAGoAbABuAHEAcwB1AHcAhACOAUQBSQFRBJcEmQSeBKkEsgTABMQEywTUBNkE5gTpBPsE/gUDAAAAAAAAAgEAAAAAAAAAKAAAAAAAAAAAAAAAAAAABQU=}}

@article{sterling_2011,
	Author = {Sterling, Timothy R. and Villarino, M. Elsa and Borisov, Andrey S. and Shang, Nong and Gordin, Fred and Bliven-Sizemore, Erin and Hackman, Judith and Hamilton, Carol Dukes and Menzies, Dick and Kerrigan, Amy and et al.},
	Date-Added = {2018-03-15 07:36:33 +0000},
	Date-Modified = {2018-03-15 22:03:32 +0000},
	Doi = {10.1056/nejmoa1104875},
	Issn = {1533-4406},
	Journal = {New England Journal of Medicine},
	Month = {Dec},
	Number = {23},
	Pages = {2155--2166},
	Publisher = {New England Journal of Medicine (NEJM/MMS)},
	Title = {Three Months of Rifapentine and Isoniazid for Latent Tuberculosis Infection},
	Url = {http://dx.doi.org/10.1056/nejmoa1104875},
	Volume = {365},
	Year = {2011},
	Bdsk-File-1 = {YnBsaXN0MDDUAQIDBAUGJCVYJHZlcnNpb25YJG9iamVjdHNZJGFyY2hpdmVyVCR0b3ASAAGGoKgHCBMUFRYaIVUkbnVsbNMJCgsMDxJXTlMua2V5c1pOUy5vYmplY3RzViRjbGFzc6INDoACgAOiEBGABIAFgAdccmVsYXRpdmVQYXRoWWFsaWFzRGF0YV8QjC4uLy4uLy4uL0dvb2dsZSBEcml2ZS9CcmVpZmNhc2UvQmliZGVzay1wZGZzL1N0ZXJsaW5nMjAxMWFhX19UaHJlZSBNb250aHMgb2YgUmlmYXBlbnRpbmUgYW5kIElzb25pYXppZCBmb3IgTGF0ZW50IFR1YmVyY3Vsb3NpcyBJbmZlY3Rpb24ucGRm0hcLGBlXTlMuZGF0YU8RAs4AAAAAAs4AAgAADE1hY2ludG9zaCBIRAAAAAAAAAAAAAAAAAAAANIk5pVIKwAAE58AXh9TdGVybGluZzIwMTFhYV9fVGgjMTNCMkU1RUUucGRmAAAAAAAAAAAAAAAAAAAAAAAAAAAAAAAAAAAAAAAAAAATsuXu1s9vpgAAAAAAAAAAAAMABAAACSAAAAAAAAAAAAAAAAAAAAAMQmliZGVzay1wZGZzABAACAAA0iVJBQAAABEACAAA1s/SFgAAAAEAFBOfAF4AGOYdABjipwAK5+wABilVAAIAZ01hY2ludG9zaCBIRDpVc2VyczoAYWxleGdvb2RlbGw6AEdvb2dsZSBEcml2ZToAQnJlaWZjYXNlOgBCaWJkZXNrLXBkZnM6AFN0ZXJsaW5nMjAxMWFhX19UaCMxM0IyRTVFRS5wZGYAAA4AwABfAFMAdABlAHIAbABpAG4AZwAyADAAMQAxAGEAYQBfAF8AVABoAHIAZQBlACAATQBvAG4AdABoAHMAIABvAGYAIABSAGkAZgBhAHAAZQBuAHQAaQBuAGUAIABhAG4AZAAgAEkAcwBvAG4AaQBhAHoAaQBkACAAZgBvAHIAIABMAGEAdABlAG4AdAAgAFQAdQBiAGUAcgBjAHUAbABvAHMAaQBzACAASQBuAGYAZQBjAHQAaQBvAG4ALgBwAGQAZgAPABoADABNAGEAYwBpAG4AdABvAHMAaAAgAEgARAASAJVVc2Vycy9hbGV4Z29vZGVsbC9Hb29nbGUgRHJpdmUvQnJlaWZjYXNlL0JpYmRlc2stcGRmcy9TdGVybGluZzIwMTFhYV9fVGhyZWUgTW9udGhzIG9mIFJpZmFwZW50aW5lIGFuZCBJc29uaWF6aWQgZm9yIExhdGVudCBUdWJlcmN1bG9zaXMgSW5mZWN0aW9uLnBkZgAAEwABLwAAFQACABL//wAAgAbSGxwdHlokY2xhc3NuYW1lWCRjbGFzc2VzXU5TTXV0YWJsZURhdGGjHR8gVk5TRGF0YVhOU09iamVjdNIbHCIjXE5TRGljdGlvbmFyeaIiIF8QD05TS2V5ZWRBcmNoaXZlctEmJ1Ryb290gAEACAARABoAIwAtADIANwBAAEYATQBVAGAAZwBqAGwAbgBxAHMAdQB3AIQAjgEdASIBKgP8A/4EAwQOBBcEJQQpBDAEOQQ+BEsETgRgBGMEaAAAAAAAAAIBAAAAAAAAACgAAAAAAAAAAAAAAAAAAARq}}

@article{Goodell_2016,
	Author = {Goodell, Alex J. and Kahn, James G. and Ndeki, Sidney S. and Kaale, Eliangiringa and Kaaya, Ephata E. and Macfarlane, Sarah B. J.},
	Date-Added = {2018-03-14 22:03:47 +0000},
	Date-Modified = {2018-03-15 21:13:26 +0000},
	Doi = {10.3402/gha.v9.31597},
	Issn = {1654-9880},
	Journal = {Global Health Action},
	Month = {Jun},
	Number = {1},
	Pages = {31597},
	Publisher = {Informa UK Limited},
	Title = {Modeling solutions to Tanzania's physician workforce challenge},
	Url = {http://dx.doi.org/10.3402/gha.v9.31597},
	Volume = {9},
	Year = {2016}}

@misc{whogho2018,
	Archive-Url = {https://web.archive.org/web/20180314034055/http://apps.who.int/gho/data/node.main.A1443?lang=en},
	Author = {{World Health Organization}},
	Date-Added = {2018-03-14 03:41:24 +0000},
	Date-Modified = {2018-03-14 03:42:33 +0000},
	Month = {Mar},
	Note = {[Online; accessed 13. Mar. 2018]},
	Publisher = {World Health Organization},
	Title = {{Global Health Observatory: HRH - Absolute numbers - Data by country}},
	Url = {http://apps.who.int/gho/data/node.main.A1443?lang=en},
	Year = {2018}}

@misc{wfsaug2018,
	Archive-Url = {https://web.archive.org/web/20180314033235/https://www.wfsahq.org/component/wfsa_worldmap/countrynew/Uganda},
	Author = {{World Federation Of Societies of Anaesthesiologists}},
	Date-Added = {2018-03-14 03:34:06 +0000},
	Date-Modified = {2018-03-14 03:35:04 +0000},
	Month = {Mar},
	Note = {[Online; accessed 13. Mar. 2018]},
	Title = {{Uganda Profile - World Federation Of Societies of Anaesthesiologists}},
	Url = {https://www.wfsahq.org/component/wfsa_worldmap/countrynew/Uganda},
	Year = {2018}}

@misc{umdpc2018reg,
	Archive-Url = {https://web.archive.org/save/http://www.umdpc.com/registers.php},
	Author = {{Uganda Medical and Dental Practitioners Council}},
	Date-Added = {2018-03-13 23:31:14 +0000},
	Date-Modified = {2018-03-13 23:32:21 +0000},
	Title = {Uganda Medical and Dental Practitioners Council Registry},
	Url = {http://www.umdpc.com/registers.php}}

@misc{aau2018,
	Archive-Url = {https://web.archive.org/web/20180313222718/http://www.anesthesiaug.org/bachelors/},
	Author = {{Association of Anesthesiologist of Uganda}},
	Date-Added = {2018-03-13 08:04:35 +0000},
	Date-Modified = {2018-03-13 08:05:23 +0000},
	Title = {Bachelors of Science in Anaesthesia},
	Url = {http://www.anesthesiaug.org/bachelors/},
	Year = {2018},
	Bdsk-Url-1 = {http://www.anesthesiaug.org/bachelors/}}

@misc{ahpcschools2016,
	Archive-Url = {https://web.archive.org/web/20180313222725/http://www.ahpc.ug/schools.php},
	Author = {{uganda allied health professionals council}},
	Date-Added = {2018-03-13 06:53:36 +0000},
	Date-Modified = {2018-03-13 06:54:44 +0000},
	Title = {AHPC Recognized Training Institutions 2016},
	Url = {http://www.ahpc.ug/schools.php},
	Year = {2016},
	Bdsk-Url-1 = {http://www.ahpc.ug/schools.php}}

@article{Banerjee2005Mar,
	Archive-Url = {https://web.archive.org/web/20180313223417/https://www.ncbi.nlm.nih.gov/pmc/articles/PMC1831898/},
	Author = {Banerjee, Saswata and Faiz, Omar and Rennie, John Aubery and Balyejjusa, Jaffer and Walsh, Michael},
	Date-Added = {2018-03-13 06:28:23 +0000},
	Date-Modified = {2018-03-13 06:28:23 +0000},
	Issn = {1680-6905},
	Journal = {Afr. Health Sci.},
	Month = {Mar},
	Number = {1},
	Pages = {86--89},
	Publisher = {Makerere University Medical School},
	Title = {{Bridging the health gap in Uganda: The surgical role of the clinical officer}},
	Url = {http://www.ncbi.nlm.nih.gov/pmc/articles/PMC1831898},
	Volume = {5},
	Year = {2005},
	Bdsk-Url-1 = {http://www.ncbi.nlm.nih.gov/pmc/articles/PMC1831898}}

@misc{dsco2012,
	Archive-Url = {https://web.archive.org/web/20180313222754/http://health.go.ug/docs/final_advert.pdf},
	Author = {{DISTRICT SERVICE COMMISSIONS OF UGANDA}},
	Date-Added = {2018-03-12 21:05:41 +0000},
	Date-Modified = {2018-03-12 21:15:06 +0000},
	Institution = {DISTRICT SERVICE COMMISSIONS OF UGANDA},
	Title = {DISTRICT SERVICE COMMISSIONS OF UGANDA HEALTH VACANCIES},
	Url = {http://health.go.ug/docs/final_advert.pdf},
	Year = {2012},
	Bdsk-File-1 = {YnBsaXN0MDDUAQIDBAUGJCVYJHZlcnNpb25YJG9iamVjdHNZJGFyY2hpdmVyVCR0b3ASAAGGoKgHCBMUFRYaIVUkbnVsbNMJCgsMDxJXTlMua2V5c1pOUy5vYmplY3RzViRjbGFzc6INDoACgAOiEBGABIAFgAdccmVsYXRpdmVQYXRoWWFsaWFzRGF0YV8Qci4uLy4uLy4uL0dvb2dsZSBEcml2ZS9CcmVpZmNhc2UvQmliZGVzay1wZGZzL2RzY28yMDEyX19ESVNUUklDVCBTRVJWSUNFIENPTU1JU1NJT05TIE9GIFVHQU5EQSBIRUFMVEggVkFDQU5DSUVTLnBkZtIXCxgZV05TLmRhdGFPEQKAAAAAAAKAAAIAAAxNYWNpbnRvc2ggSEQAAAAAAAAAAAAAAAAAAADSJOaVSCsAABOfAF4fZHNjbzIwMTJfX0RJU1RSSUNUIzEzQTQ0Qzg0LnBkZgAAAAAAAAAAAAAAAAAAAAAAAAAAAAAAAAAAAAAAAAAAE6RMhNbNZY8AAAAAAAAAAAADAAQAAAkgAAAAAAAAAAAAAAAAAAAADEJpYmRlc2stcGRmcwAQAAgAANIlSQUAAAARAAgAANbNx/8AAAABABQTnwBeABjmHQAY4qcACufsAAYpVQACAGdNYWNpbnRvc2ggSEQ6VXNlcnM6AGFsZXhnb29kZWxsOgBHb29nbGUgRHJpdmU6AEJyZWlmY2FzZToAQmliZGVzay1wZGZzOgBkc2NvMjAxMl9fRElTVFJJQ1QjMTNBNDRDODQucGRmAAAOAIwARQBkAHMAYwBvADIAMAAxADIAXwBfAEQASQBTAFQAUgBJAEMAVAAgAFMARQBSAFYASQBDAEUAIABDAE8ATQBNAEkAUwBTAEkATwBOAFMAIABPAEYAIABVAEcAQQBOAEQAQQAgAEgARQBBAEwAVABIACAAVgBBAEMAQQBOAEMASQBFAFMALgBwAGQAZgAPABoADABNAGEAYwBpAG4AdABvAHMAaAAgAEgARAASAHtVc2Vycy9hbGV4Z29vZGVsbC9Hb29nbGUgRHJpdmUvQnJlaWZjYXNlL0JpYmRlc2stcGRmcy9kc2NvMjAxMl9fRElTVFJJQ1QgU0VSVklDRSBDT01NSVNTSU9OUyBPRiBVR0FOREEgSEVBTFRIIFZBQ0FOQ0lFUy5wZGYAABMAAS8AABUAAgAS//8AAIAG0hscHR5aJGNsYXNzbmFtZVgkY2xhc3Nlc11OU011dGFibGVEYXRhox0fIFZOU0RhdGFYTlNPYmplY3TSGxwiI1xOU0RpY3Rpb25hcnmiIiBfEA9OU0tleWVkQXJjaGl2ZXLRJidUcm9vdIABAAgAEQAaACMALQAyADcAQABGAE0AVQBgAGcAagBsAG4AcQBzAHUAdwCEAI4BAwEIARADlAOWA5sDpgOvA70DwQPIA9ED1gPjA+YD+AP7BAAAAAAAAAACAQAAAAAAAAAoAAAAAAAAAAAAAAAAAAAEAg==},
	Bdsk-Url-1 = {http://health.go.ug/docs/final_advert.pdf}}

@misc{examboard2015,
	Archive-Url = {https://web.archive.org/web/20180313222737/http://uaheb.go.ug/wp-content/uploads/2016/06/Newsletter.pdf},
	Author = {{Uganda Allied Health Examinations Board}},
	Date-Added = {2018-03-13 05:22:32 +0000},
	Date-Modified = {2018-03-13 05:27:00 +0000},
	Title = {Newsletter},
	Url = {http://uaheb.go.ug/wp-content/uploads/2016/06/Newsletter.pdf},
	Year = {2015},
	Bdsk-File-1 = {YnBsaXN0MDDUAQIDBAUGJCVYJHZlcnNpb25YJG9iamVjdHNZJGFyY2hpdmVyVCR0b3ASAAGGoKgHCBMUFRYaIVUkbnVsbNMJCgsMDxJXTlMua2V5c1pOUy5vYmplY3RzViRjbGFzc6INDoACgAOiEBGABIAFgAdccmVsYXRpdmVQYXRoWWFsaWFzRGF0YV8QSi4uLy4uLy4uL0dvb2dsZSBEcml2ZS9CcmVpZmNhc2UvQmliZGVzay1wZGZzL2V4YW1ib2FyZDIwMTVfX05ld3NsZXR0ZXIucGRm0hcLGBlXTlMuZGF0YU8RAgYAAAAAAgYAAgAADE1hY2ludG9zaCBIRAAAAAAAAAAAAAAAAAAAANIk5pVIKwAAE58AXh1leGFtYm9hcmQyMDE1X19OZXdzbGV0dGVyLnBkZgAAAAAAAAAAAAAAAAAAAAAAAAAAAAAAAAAAAAAAAAAAAAATpEyG1s1ljwAAAAAAAAAAAAMABAAACSAAAAAAAAAAAAAAAAAAAAAMQmliZGVzay1wZGZzABAACAAA0iVJBQAAABEACAAA1s3H/wAAAAEAFBOfAF4AGOYdABjipwAK5+wABilVAAIAZU1hY2ludG9zaCBIRDpVc2VyczoAYWxleGdvb2RlbGw6AEdvb2dsZSBEcml2ZToAQnJlaWZjYXNlOgBCaWJkZXNrLXBkZnM6AGV4YW1ib2FyZDIwMTVfX05ld3NsZXR0ZXIucGRmAAAOADwAHQBlAHgAYQBtAGIAbwBhAHIAZAAyADAAMQA1AF8AXwBOAGUAdwBzAGwAZQB0AHQAZQByAC4AcABkAGYADwAaAAwATQBhAGMAaQBuAHQAbwBzAGgAIABIAEQAEgBTVXNlcnMvYWxleGdvb2RlbGwvR29vZ2xlIERyaXZlL0JyZWlmY2FzZS9CaWJkZXNrLXBkZnMvZXhhbWJvYXJkMjAxNV9fTmV3c2xldHRlci5wZGYAABMAAS8AABUAAgAS//8AAIAG0hscHR5aJGNsYXNzbmFtZVgkY2xhc3Nlc11OU011dGFibGVEYXRhox0fIFZOU0RhdGFYTlNPYmplY3TSGxwiI1xOU0RpY3Rpb25hcnmiIiBfEA9OU0tleWVkQXJjaGl2ZXLRJidUcm9vdIABAAgAEQAaACMALQAyADcAQABGAE0AVQBgAGcAagBsAG4AcQBzAHUAdwCEAI4A2wDgAOgC8gL0AvkDBAMNAxsDHwMmAy8DNANBA0QDVgNZA14AAAAAAAACAQAAAAAAAAAoAAAAAAAAAAAAAAAAAAADYA==},
	Bdsk-Url-1 = {http://uaheb.go.ug/wp-content/uploads/2016/06/Newsletter.pdf}}

@misc{examboardschools,
	Archive-Url = {https://web.archive.org/web/20180313222723/http://uaheb.go.ug/accredited-schools/},
	Author = {{Uganda Allied Health Examinations Board}},
	Date-Added = {2018-03-13 07:37:44 +0000},
	Date-Modified = {2018-03-13 07:38:37 +0000},
	Title = {Accredited School},
	Url = {http://uaheb.go.ug/accredited-schools/},
	Year = {2018},
	Bdsk-Url-1 = {http://uaheb.go.ug/accredited-schools/}}

@misc{hcsurvey2014,
	Archive-Url = {https://web.archive.org/web/20180313222745/http://www.who.int/healthinfo/systems/SARA_H_UGA_Results_2014.pdf},
	Author = {{MINISTRY OF HEALTH} {WHO} {African Development Bank}},
	Date-Added = {2018-03-12 21:38:38 +0000},
	Date-Modified = {2018-03-12 21:41:04 +0000},
	Title = {Uganda Hospital and Health Centre IV Census Survey},
	Url = {http://www.who.int/healthinfo/systems/SARA_H_UGA_Results_2014.pdf},
	Year = {2014},
	Bdsk-File-1 = {YnBsaXN0MDDUAQIDBAUGJCVYJHZlcnNpb25YJG9iamVjdHNZJGFyY2hpdmVyVCR0b3ASAAGGoKgHCBMUFRYaIVUkbnVsbNMJCgsMDxJXTlMua2V5c1pOUy5vYmplY3RzViRjbGFzc6INDoACgAOiEBGABIAFgAdccmVsYXRpdmVQYXRoWWFsaWFzRGF0YV8QcS4uLy4uLy4uL0dvb2dsZSBEcml2ZS9CcmVpZmNhc2UvQmliZGVzay1wZGZzL2hjc3VydmV5MjAxNF9fVWdhbmRhIEhvc3BpdGFsIGFuZCBIZWFsdGggQ2VudHJlIElWIENlbnN1cyBTdXJ2ZXkucGRm0hcLGBlXTlMuZGF0YU8RAnwAAAAAAnwAAgAADE1hY2ludG9zaCBIRAAAAAAAAAAAAAAAAAAAANIk5pVIKwAAE58AXh9oY3N1cnZleTIwMTRfX1VnYW4jMTNBNDRDODcucGRmAAAAAAAAAAAAAAAAAAAAAAAAAAAAAAAAAAAAAAAAAAATpEyH1s1ljwAAAAAAAAAAAAMABAAACSAAAAAAAAAAAAAAAAAAAAAMQmliZGVzay1wZGZzABAACAAA0iVJBQAAABEACAAA1s3H/wAAAAEAFBOfAF4AGOYdABjipwAK5+wABilVAAIAZ01hY2ludG9zaCBIRDpVc2VyczoAYWxleGdvb2RlbGw6AEdvb2dsZSBEcml2ZToAQnJlaWZjYXNlOgBCaWJkZXNrLXBkZnM6AGhjc3VydmV5MjAxNF9fVWdhbiMxM0E0NEM4Ny5wZGYAAA4AigBEAGgAYwBzAHUAcgB2AGUAeQAyADAAMQA0AF8AXwBVAGcAYQBuAGQAYQAgAEgAbwBzAHAAaQB0AGEAbAAgAGEAbgBkACAASABlAGEAbAB0AGgAIABDAGUAbgB0AHIAZQAgAEkAVgAgAEMAZQBuAHMAdQBzACAAUwB1AHIAdgBlAHkALgBwAGQAZgAPABoADABNAGEAYwBpAG4AdABvAHMAaAAgAEgARAASAHpVc2Vycy9hbGV4Z29vZGVsbC9Hb29nbGUgRHJpdmUvQnJlaWZjYXNlL0JpYmRlc2stcGRmcy9oY3N1cnZleTIwMTRfX1VnYW5kYSBIb3NwaXRhbCBhbmQgSGVhbHRoIENlbnRyZSBJViBDZW5zdXMgU3VydmV5LnBkZgATAAEvAAAVAAIAEv//AACABtIbHB0eWiRjbGFzc25hbWVYJGNsYXNzZXNdTlNNdXRhYmxlRGF0YaMdHyBWTlNEYXRhWE5TT2JqZWN00hscIiNcTlNEaWN0aW9uYXJ5oiIgXxAPTlNLZXllZEFyY2hpdmVy0SYnVHJvb3SAAQAIABEAGgAjAC0AMgA3AEAARgBNAFUAYABnAGoAbABuAHEAcwB1AHcAhACOAQIBBwEPA48DkQOWA6EDqgO4A7wDwwPMA9ED3gPhA/MD9gP7AAAAAAAAAgEAAAAAAAAAKAAAAAAAAAAAAAAAAAAAA/0=},
	Bdsk-Url-1 = {http://www.who.int/healthinfo/systems/SARA_H_UGA_Results_2014.pdf}}

@misc{intra2015,
	Archive-Url = {https://web.archive.org/web/20180313222743/http://www.who.int/workforcealliance/media/news/2015/HRH_Commitments_Uganda_Case_Study.pdf},
	Author = {Vincent Oketcho, Isaac Ezati, John Odaga, Allison Annette Foster, James McMahan, Lena Muldavin},
	Date-Added = {2018-03-12 22:00:09 +0000},
	Date-Modified = {2018-03-12 22:01:40 +0000},
	Title = {UGANDA ON TRACK FOR KEEPING HUMAN RESOURCES FOR HEALTH COMMITMENTS},
	Url = {http://www.who.int/workforcealliance/media/news/2015/HRH_Commitments_Uganda_Case_Study.pdf},
	Year = {2015},
	Bdsk-Url-1 = {http://www.who.int/workforcealliance/media/news/2015/HRH_Commitments_Uganda_Case_Study.pdf}}

@article{kakande2011review,
	Archive-Url = {https://web.archive.org/web/20180313222730/http://www.bioline.org.br/request?js11047},
	Author = {Kakande, I and Mkandawire, N and Thompson, MIW},
	Date-Added = {2018-03-13 06:16:46 +0000},
	Date-Modified = {2018-03-13 06:16:59 +0000},
	Journal = {East and Central African Journal of Surgery},
	Number = {3},
	Pages = {6--34},
	Publisher = {Association of Surgeons of East Africa and College of Surgeons of East Central and Southern Africa},
	Title = {A review of surgical capacity and surgical education programmes in the COSECSA region},
	Url = {http://www.bioline.org.br/request?js11047},
	Volume = {16},
	Year = {2011},
	Bdsk-Url-1 = {http://www.bioline.org.br/request?js11047}}

@book{Klopper2012-pp,
	Abstract = {Nursing is a critical component of health care in nearly every
community-regardless of development. And nursing education is
often seen as a key indicator of the health of a country's
health care system. For markets in developing countries, the
forecasts are mixed. The State of Nursing and Nursing Education
in Africa: A Country-by-Country Review is the first report of
its kind to document nursing, health care, and nursing education
in Sub-Saharan countries in Africa.},
	Author = {Klopper, Hester and Uys, L R},
	Date-Added = {2018-03-12 06:55:41 +0000},
	Date-Modified = {2018-03-14 21:09:38 +0000},
	Publisher = {Sigma Theta Tau},
	Title = {{The State of Nursing and Nursing Education in Africa: A {\{}Country-By-Country{\}} Review}},
	Year = {2012}}

@misc{lacoranes2018,
	Archive-Url = {https://web.archive.org/web/20180313222734/http://mambosms.ug/Data/atha/lacorh/?page_id=7346},
	Author = {{Lacor School of Anesthesia}},
	Date-Added = {2018-03-13 05:54:36 +0000},
	Date-Modified = {2018-03-13 05:55:26 +0000},
	Title = {Lacor School of Anesthesia},
	Url = {http://mambosms.ug/Data/atha/lacorh/?page_id=7346},
	Year = {2018},
	Bdsk-Url-1 = {http://mambosms.ug/Data/atha/lacorh/?page_id=7346}}

@article{Linden2012-sw,
	Abstract = {BACKGROUND: There are large disparities in access to surgical
services due to a multitude of factors, including insufficient
health human resources, infrastructure, medicines, equipment,
financing, logistics, and information reporting. This study aimed
to assess these important factors in Uganda's government
hospitals as part of a larger study examining surgical and
anesthesia capacity in low-income countries in Africa. METHODS: A
standardized survey tool was administered via interviews with
Ministry of Health officials and key health practitioners at 14
public government hospitals throughout the country. Descriptive
statistics were used to analyze the data. RESULTS: There were a
total of 107 general surgeons, 97 specialty surgeons, 124
obstetricians/gynecologists (OB/GYNs), and 17 anesthesiologists
in Uganda, for a rate of one surgeon per 100,000 people. There
was 0.2 major operating theater per 100,000 people. Altogether,
53{\%} of all operations were general surgery cases, and 44{\%} were
OB/GYN cases. In all, 73{\%} of all operations were performed on an
emergency basis. All hospitals reported unreliable supplies of
water and electricity. Essential equipment was missing across all
hospitals, with no pulse oximeters found at any facilities. A
uniform reporting mechanism for outcomes did not exist.
CONCLUSIONS: There is a lack of vital human resources and
infrastructure to provide adequate, safe surgery at many of the
government hospitals in Uganda. A large number of surgical
procedures are undertaken despite these austere conditions. Many
areas that need policy development and international
collaboration are evident. Surgical services need to become a
greater priority in health care provision in Uganda as they could
promise a significant reduction in morbidity and mortality.},
	Author = {Linden, Allison F and Sekidde, Francis Serufusa and Galukande, Moses and Knowlton, Lisa Marie and Chackungal, Smita and McQueen, K A Kelly},
	Date-Added = {2018-03-12 06:55:41 +0000},
	Date-Modified = {2018-03-12 06:55:41 +0000},
	File = {:Users/alexgoodell/Google Drive/Breifcase/Citations/Mendeley/World J. Surg.pdf:pdf},
	Journal = {World J. Surg.},
	Month = {may},
	Number = {5},
	Pages = {1056--1065},
	Title = {{Challenges of surgery in developing countries: a survey of surgical and anesthesia capacity in Uganda's public hospitals}},
	Volume = {36},
	Year = {2012}}

@misc{mak2018,
	Archive-Url = {https://web.archive.org/web/20180313223726/https://www.mak.ac.ug/application-procedures/direct-entry},
	Author = {{Makarere University}},
	Date-Added = {2018-03-13 07:57:13 +0000},
	Date-Modified = {2018-03-13 22:38:09 +0000},
	Title = {Application Requirements - Direct Entry},
	Url = {https://www.mak.ac.ug/application-procedures/direct-entry},
	Bdsk-Url-1 = {https://www.mak.ac.ug/application-procedures/direct-entry}}

@misc{MOH-hosp-list,
	Annote = {Accessed: 2018-3-11},
	Archive-Url = {https://web.archive.org/web/20180313223531/http://health.go.ug/affiliated-institutions/hospitals},
	Author = {{Ministry of Health}},
	Booktitle = {Ministry of Health, Government of Uganda},
	Date-Added = {2018-03-12 06:55:41 +0000},
	Date-Modified = {2018-03-12 06:56:32 +0000},
	Title = {{List of Hospitals}},
	Url = {http://health.go.ug/affiliated-institutions/hospitals},
	Year = {2018},
	Bdsk-Url-1 = {http://health.go.ug/affiliated-institutions/hospitals)}}

@misc{mohscholar2017,
	Archive-Url = {https://web.archive.org/web/20180313223533/https://www.mnh.musph.ac.ug/wp-content/uploads/2016/10/MIN-OF-HEALTH.-scholarships.pdf},
	Author = {{Ministry of Health}},
	Date-Added = {2018-03-12 21:17:29 +0000},
	Date-Modified = {2018-03-12 21:22:21 +0000},
	Title = {ANNOUNCEMENT OF SCHOLARSHIPS FOR ACADEMIC YEAR 2017/2018},
	Url = {https://www.mnh.musph.ac.ug/wp-content/uploads/2016/10/MIN-OF-HEALTH.-scholarships.pdf},
	Year = {2017}}

@misc{mugalopara2013,
	Archive-Url = {https://web.archive.org/web/20180313223125/http://uiahms.ac.ug/anaesthesia/},
	Author = {{Uganda Allied Health Institute and Management Sciences Mugalo}},
	Date-Added = {2018-03-13 06:05:11 +0000},
	Date-Modified = {2018-03-13 06:58:11 +0000},
	Title = {Post-basic programs Uganda Allied Health Institute and Management Sciences Mugalo},
	Url = {http://uiahms.ac.ug/anaesthesia/},
	Year = {2018},
	Bdsk-Url-1 = {http://uiahms.ac.ug/anaesthesia/}}

@misc{must2014,
	Archive-Url = {https://web.archive.org/web/20180313222716/http://www.must.ac.ug/news/2014-must-private-admissions-advert},
	Author = {{Mbarara University of Science and Technology}},
	Date-Added = {2018-03-13 08:19:09 +0000},
	Date-Modified = {2018-03-13 08:19:49 +0000},
	Title = {{Admission Requirements}},
	Url = {http://www.must.ac.ug/news/2014-must-private-admissions-advert},
	Bdsk-Url-1 = {http://www.must.ac.ug/news/2014-must-private-admissions-advert}}

@book{roth2014role,
	Author = {Roth, Ram and Frost, Elizabeth AM and Gevirtz, Clifford and Atcheson, Carrie LH},
	Date-Added = {2018-03-12 22:05:59 +0000},
	Date-Modified = {2018-03-12 22:05:59 +0000},
	Publisher = {Springer},
	Title = {The role of anesthesiology in global health: A comprehensive guide},
	Year = {2014}}

@article{UBS2017,
	Author = {{Ugandan Bureau of Statistics}},
	Date-Added = {2018-03-12 06:55:41 +0000},
	Date-Modified = {2018-03-12 06:55:41 +0000},
	Title = {{Statistical Abstract}},
	Year = {2017}}

@article{UNFPA2009,
	Annote = {Table R3:
Analysis of curricula for different midwifery programmes},
	Author = {{United Nations Fund for Population Activities}},
	Date-Added = {2018-03-12 06:55:41 +0000},
	Date-Modified = {2018-03-12 06:59:30 +0000},
	Number = {July},
	Pages = {1--92},
	Title = {{The State of Midwifery Training, Service and Practice in Uganda Assessment Report}},
	Year = {2009},
	Bdsk-Url-1 = {http://citeseerx.ist.psu.edu/viewdoc/download?doi=10.1.1.444.3360%7B%5C&%7Drep=rep1%7B%5C&%7Dtype=pdf.%20Accessed:%202018-03-12.%20(Archived%20by%20WebCite%C2%AE%20at%20http://www.webcitation.org/6xr7T3j5D)}}
